<collection xmlns="http://www.loc.gov/MARC21/slim">
<record>
  <leader>00855nam0a2200193 i 450 </leader>
  <controlfield tag="001">IT\ICCU\CNCE\079274</controlfield>
  <controlfield tag="005">20170720000000.0</controlfield>
  <datafield tag="012" ind1=" " ind2=" ">
    <subfield code="a">o.ra rano nopi o.l. (C) 1541 (R)</subfield>
    <subfield code="2">fei</subfield>
  </datafield>
  <datafield tag="100" ind1=" " ind2=" ">
    <subfield code="a">20161017d1541        0itac0103    ba</subfield>
  </datafield>
  <datafield tag="101" ind1=" " ind2=" ">
    <subfield code="a">ITA</subfield>
  </datafield>
  <datafield tag="102" ind1=" " ind2=" ">
    <subfield code="a">IT</subfield>
  </datafield>
  <datafield tag="200" ind1="1" ind2=" ">
    <subfield code="a">Al reuerendiss. et illustriss. mons. vescouo di Lucerra, et di Bologna gouernatore digniss. et alli illustri signori S. Quaranta, pronostico di Floriano Turchi bolognese de l&apos;anno MDXXXXII</subfield>
  </datafield>
  <datafield tag="210" ind1=" " ind2=" ">
    <subfield code="e">In Bologna</subfield>
    <subfield code="g">impresso per Bartolomeo Bonardo parmense &amp; Marcantonio Grossi carpense</subfield>
    <subfield code="h">alli XX d&apos;ottob. 1541</subfield>
  </datafield>
  <datafield tag="215" ind1=" " ind2=" ">
    <subfield code="a">\4! c.</subfield>
    <subfield code="d">4ʻ</subfield>
  </datafield>
  <datafield tag="620" ind1=" " ind2=" ">
    <subfield code="a">IT</subfield>
    <subfield code="d">Bologna</subfield>
  </datafield>
  <datafield tag="700" ind1=" " ind2="1">
    <subfield code="a">Turchi,</subfield>
    <subfield code="b">Floriano</subfield>
    <subfield code="3">IT\ICCU\CNCA\015920</subfield>
  </datafield>
  <datafield tag="712" ind1="0" ind2="0">
    <subfield code="a">Bonardo, Bartolomeo &amp; Grossi, Marcantonio</subfield>
    <subfield code="3">IT\ICCU\CNCT\000353</subfield>
    <subfield code="4">650</subfield>
  </datafield>
  <datafield tag="801" ind1=" " ind2="3">
    <subfield code="a">IT</subfield>
    <subfield code="b">ICCU</subfield>
    <subfield code="c">20201115</subfield>
  </datafield>
  <datafield tag="899" ind1=" " ind2=" ">
    <subfield code="a">Biblioteca universitaria. Bologna</subfield>
    <subfield code="1">BO0098</subfield>
    <subfield code="2">UBO BU</subfield>
  </datafield>
</record>
</collection>
